@article{strassen1969gaussian,
  title={Gaussian elimination is not optimal},
  author={Strassen, Volker},
  journal={Numerische Mathematik},
  volume={13},
  number={4},
  pages={354--356},
  year={1969},
  publisher={Springer}
}

@article{coppersmith1990matrix,
  title={Matrix multiplication via arithmetic progressions},
  author={Coppersmith, Don and Winograd, Shmuel},
  journal={Journal of Symbolic Computation},
  volume={9},
  number={3},
  pages={251--280},
  year={1990},
  publisher={Elsevier}
}

@article{fawzi2022discovering,
  title={Discovering faster matrix multiplication algorithms with reinforcement learning},
  author={Fawzi, Alhussein and others},
  journal={Nature},
  volume={610},
  number={7930},
  pages={47--53},
  year={2022},
  publisher={Nature Publishing Group}
}

@article{cohn2005group,
  title={Group-theoretic algorithms for matrix multiplication},
  author={Cohn, Henry and Kleinberg, Robert and Szegedy, Bal√°zs and Umans, Christopher},
  journal={Proceedings of the 46th Annual IEEE Symposium on Foundations of Computer Science (FOCS)},
  pages={379--388},
  year={2005},
  publisher={IEEE},
  archivePrefix={arXiv},
  eprint={math/0511460},
  primaryClass={math.GR}
}